%% This BibTeX bibliography file was created using BibDesk.
%% https://bibdesk.sourceforge.io/

%% Created for Andreas Mang at 2020-05-06 12:49:01 -0500 


%% Saved with string encoding Unicode (UTF-8) 



@manual{Oetiker:2018a,
	Author = {T. Oetiker and H. Partl and I. Hyna and E. Schlegl},
	Date-Added = {2020-05-06 12:46:21 -0500},
	Date-Modified = {2020-05-06 12:49:01 -0500},
	Edition = {Version 6.3},
	Title = {The not so short introduction to \LaTeX 2$\epsilon$},
	Year = {2018}}
